<record><leader>00000cas a22000007a 4500</leader><controlfield tag="001">12282265</controlfield><controlfield tag="008">850719d18761951wiuwr ne      0    0eng d</controlfield><datafield ind1=" " ind2=" " tag="010"><subfield code="a">sn 85040857 </subfield></datafield><datafield ind1=" " ind2=" " tag="040"><subfield code="a">NPV</subfield><subfield code="b">eng</subfield><subfield code="c">NPV</subfield><subfield code="d">OCLCQ</subfield></datafield><datafield ind1=" " ind2=" " tag="042"><subfield code="a">msc</subfield></datafield><datafield ind1=" " ind2=" " tag="045"><subfield code="a">w7x5</subfield></datafield><datafield ind1=" " ind2=" " tag="052"><subfield code="a">4123</subfield><subfield code="b">S3</subfield></datafield><datafield ind1="0" ind2="0" tag="245"><subfield code="a">Sauk County news.</subfield></datafield><datafield ind1="1" ind2="3" tag="246"><subfield code="a">Sauk Co. news</subfield></datafield><datafield ind1=" " ind2=" " tag="260"><subfield code="a">Prairie du Sac, Wis. :</subfield><subfield code="b">News Co.,</subfield><subfield code="c">-1951.</subfield></datafield><datafield ind1=" " ind2=" " tag="300"><subfield code="a">v. :</subfield><subfield code="b">ill.</subfield></datafield><datafield ind1=" " ind2=" " tag="310"><subfield code="a">Weekly</subfield></datafield><datafield ind1="0" ind2=" " tag="362"><subfield code="a">-sixty-fifth year, no. 43 (June 28, 1951).</subfield></datafield><datafield ind1="1" ind2=" " tag="362"><subfield code="a">Began with Oct. 21, 1876 issue.</subfield><subfield code="z">Cf. Oehlerts, d. Guide to Wis. newspapers.</subfield></datafield><datafield ind1=" " ind2=" " tag="500"><subfield code="a">Editors: W.G. Ashton, &lt;Feb. 24&gt;-Nov. 24, 1877; S.W. Corwith, Dec. 1, 1877-Dec. 27, 1884; C.E. Whelan, Jan. 3, 1885-July 17, 1886; G.L. Conklin, July 24, 1886-&lt;Nov. 29, 1887&gt;; F.W. Johns, &lt;Jan. 10, 1888&gt;-&lt;Oct. 1, 1889&gt;; Giegerich &amp; Just, &lt;Jan. 25, 1900&gt;-&lt;Dec. 31, 1908&gt;; B. Giegerich, &lt;Jan. 5, 1911&gt;-June 28, 1951.</subfield></datafield><datafield ind1=" " ind2=" " tag="525"><subfield code="a">Supplements accompany some issues.</subfield></datafield><datafield ind1=" " ind2=" " tag="530"><subfield code="a">Available on microfilm from The State Historical Society of Wisconsin.</subfield></datafield><datafield ind1=" " ind2=" " tag="588"><subfield code="a">Description based on: Vol. 1, no. 19 (Feb. 24, 1877).</subfield></datafield><datafield ind1=" " ind2=" " tag="752"><subfield code="a">United States</subfield><subfield code="b">Wisconsin</subfield><subfield code="c">Sauk</subfield><subfield code="d">Prairie du Sac.</subfield></datafield><datafield ind1="0" ind2="7" tag="785"><subfield code="t">Pioneer press (Sauk City, Wis.)</subfield><subfield code="w">(DLC)sn 85040856</subfield></datafield><datafield ind1="0" ind2="7" tag="785"><subfield code="t">Sauk County news and continuing the pioneer press</subfield><subfield code="w">(DLC)sn 85040858</subfield></datafield></record>